<record><leader>00000cas a2200000 a 4500</leader><controlfield tag="001">5010528</controlfield><controlfield tag="008">790529d19761979gauwr ne      0   a0eng c</controlfield><datafield ind1=" " ind2=" " tag="010"><subfield code="a">sn 79003827 </subfield></datafield><datafield ind1=" " ind2=" " tag="040"><subfield code="a">NSD</subfield><subfield code="b">eng</subfield><subfield code="c">NSD</subfield><subfield code="d">NLG</subfield><subfield code="d">OCL</subfield><subfield code="d">GUA</subfield><subfield code="d">OCLCQ</subfield><subfield code="d">OCLCF</subfield><subfield code="d">OCLCO</subfield></datafield><datafield ind1=" " ind2=" " tag="012"><subfield code="k">1</subfield><subfield code="m">d</subfield></datafield><datafield ind1="1" ind2=" " tag="022"><subfield code="a">0192-0782</subfield><subfield code="l">0192-0782</subfield><subfield code="2">1</subfield></datafield><datafield ind1="1" ind2=" " tag="029"><subfield code="a">AU@</subfield><subfield code="b">000020555832</subfield></datafield><datafield ind1=" " ind2=" " tag="042"><subfield code="a">nsdp</subfield><subfield code="a">pcc</subfield></datafield><datafield ind1=" " ind2=" " tag="043"><subfield code="a">n-us-ga</subfield></datafield><datafield ind1=" " ind2="0" tag="222"><subfield code="a">Henry and Clayton sun</subfield></datafield><datafield ind1="0" ind2="0" tag="245"><subfield code="a">Henry and Clayton sun.</subfield></datafield><datafield ind1="3" ind2="0" tag="246"><subfield code="a">Henry sun</subfield></datafield><datafield ind1=" " ind2=" " tag="260"><subfield code="a">College Park, Ga. :</subfield><subfield code="b">News/Sun Publications,</subfield><subfield code="c">[1976-1979].</subfield></datafield><datafield ind1=" " ind2=" " tag="300"><subfield code="a">v.</subfield></datafield><datafield ind1=" " ind2=" " tag="310"><subfield code="a">Weekly</subfield></datafield><datafield ind1="0" ind2=" " tag="362"><subfield code="a">Vol. 1, no. 1 (Sept. 16, 1976)-v. 4, no. 13 (Dec. 20, 1979).</subfield></datafield><datafield ind1=" " ind2=" " tag="500"><subfield code="a">Published in McDonough, Ga., Feb. 9, 1978-Dec. 20, 1979.</subfield></datafield><datafield ind1=" " ind2=" " tag="530"><subfield code="a">Also on microfilm: Athens, Ga. : University of Georgia Libraries.</subfield></datafield><datafield ind1=" " ind2="0" tag="651"><subfield code="a">Henry County (Ga.)</subfield><subfield code="v">Newspapers.</subfield></datafield><datafield ind1=" " ind2="0" tag="651"><subfield code="a">Clayton County (Ga.)</subfield><subfield code="v">Newspapers.</subfield></datafield><datafield ind1=" " ind2="7" tag="655"><subfield code="a">Newspapers.</subfield><subfield code="2">fast</subfield><subfield code="0">(OCoLC)fst01423814</subfield></datafield><datafield ind1=" " ind2="7" tag="651"><subfield code="a">Georgia</subfield><subfield code="z">Clayton County.</subfield><subfield code="2">fast</subfield><subfield code="0">(OCoLC)fst01209685</subfield></datafield><datafield ind1=" " ind2="7" tag="651"><subfield code="a">Georgia</subfield><subfield code="z">Henry County.</subfield><subfield code="2">fast</subfield><subfield code="0">(OCoLC)fst01209687</subfield></datafield><datafield ind1=" " ind2=" " tag="752"><subfield code="a">United States</subfield><subfield code="b">Georgia</subfield><subfield code="c">Henry</subfield><subfield code="d">McDonough.</subfield></datafield><datafield ind1=" " ind2=" " tag="752"><subfield code="a">United States</subfield><subfield code="b">Georgia</subfield><subfield code="c">Clayton</subfield><subfield code="d">College Park.</subfield></datafield><datafield ind1="0" ind2="0" tag="785"><subfield code="t">Clayton sun</subfield><subfield code="x">0199-7270</subfield><subfield code="w">(DLC)sn 80011024</subfield><subfield code="w">(OCoLC)6105378</subfield></datafield></record>